@book{khandpur2019compendium,
  title={Compendium of Biomedical Instrumentation},
  author={Khandpur, Raghbir Singh},
  year={2019},
  publisher={John Wiley \& Sons}
}

@book{khandpur2005biomedical,
  title={Biomedical instrumentation: Technology and applications},
  author={Khandpur, Raghbir Singh},
  volume={1},
  year={2005},
  publisher={McGraw-Hill New York}
}

@book{sahin2020instrumentation,
  title={Instrumentation Handbook for Biomedical Engineers},
  author={Sahin, Mesut and Fidel, Howard and Perez-Castillejos, Raquel},
  year={2020},
  publisher={CRC Press}
}

@book{khandpur1987handbook,
  title={Handbook of biomedical instrumentation},
  author={Khandpur, Raghbir Singh},
  year={1987},
  publisher={McGraw-Hill Education}
}

@misc{openstax, 
  title={Anatomy and Physiology II}, 
  url={https://courses.lumenlearning.com/ap2/chapter/cardiac-cycle/}, 
  journal={Lumen}, 
  author={OpenStax, Lumen Learning}
}

@article{barold2003willem,
  title={Willem Einthoven and the birth of clinical electrocardiography a hundred years ago},
  author={Barold, S Serge},
  journal={Cardiac electrophysiology review},
  volume={7},
  number={1},
  pages={99--104},
  year={2003},
  publisher={Springer}
}

@inproceedings{murugappan2014development,
  title={Development of cost effective ECG data acquisition system for clinical applications using LabVIEW},
  author={Murugappan, M and Thirumani, Reena and Omar, Mohd Iqbal and Murugappan, Subbulakshmi},
  booktitle={2014 IEEE 10th International Colloquium on Signal Processing and its Applications},
  pages={100--105},
  year={2014},
  organization={IEEE}
}

@article{zhang201212,
  title={12-lead ecg data acquisition system based on ads1298},
  author={Zhang, Yihang and Sun, Guangmin and Yang, Yuchen},
  journal={Procedia engineering},
  volume={29},
  pages={2103--2108},
  year={2012},
  publisher={Elsevier}
}

@article{sedra2020microelectronic,
  title={Microelectronic Circuits 8th Edition},
  author={Sedra, A and Smith, KC and Carusone, T Chan and Gaudet, V},
  journal={Chapter},
  volume={14},
  pages={1235--1236},
  year={2020}
}

@techreport{instruments2010lmh6629,
  title={LMH6629 Ultra-Low Noise, High-Speed Operational Amplifier with Shutdown},
  author={Instruments, Texas},
  year={2010},
  institution={Texas Instruments, Tech. Rep., 2016.[Online]. Available: www. ti. com/lit/ds~â€¦}
}

@article{de2010modulo,
  title={M{\'o}dulo 8--qualidade da energia el{\'e}trica},
  author={ANEEL},
  journal={Ag{\^e}ncia Nacional de Energia El{\'e}trica--ANEEL},
  year={2010}
}

@article{quiroz2019generation,
  title={Generation of ECG signals from a reaction-diffusion model spatially discretized},
  author={Quiroz-Ju{\'a}rez, MA and Jim{\'e}nez-Ram{\'\i}rez, O and V{\'a}zquez-Medina, R and Bre{\~n}a-Medina, V and Arag{\'o}n, JL and Barrio, RA},
  journal={Scientific reports},
  volume={9},
  number={1},
  pages={1--10},
  year={2019},
  publisher={Nature Publishing Group}
}

@article{kherabnormality,
  title={Abnormality classification of ECG signal using DSP processor},
  author={Kher, Rahul and Gohel, Shivang}
}

@misc{clevelandclinic, 
    title={Pulse and Heart Rate}, 
    url={https://my.clevelandclinic.org/health/diagnostics/17402-pulse--heart-rate}, 
    journal={Cleveland Clinic}
}

@article{stuchilin2017use,
  title={The Use of Digital Signal Processing Algorithms for Electrophysiological Diagnostics of Cardiovascular Diseases},
  author={Stuchilin, Vladimir Valerievich and Rumyantseva, Valentina Anatolievna and Svirin, Iliya Sergeevich},
  journal={Biomedical and Pharmacology Journal},
  volume={10},
  number={1},
  pages={119--128},
  year={2017}
}